2686 4614
648 185 750 279 (6)

132 358 263 451 metis,
278 368 384 455 quarn
400 351 473 427 vite
490 342 721 438 limilior'fit3
744 351 832 425 licet
855 366 999 437 tamen,
1018 343 1057 419 ὃ(
1075 341 1290 418 decredere

133 480 261 535 nemur
275 478 343 554 pto
360 453 516 544 viribus,
541 453 698 524 lucernae
713 450 929 524 Christianae
944 468 1046 544 ope,
1073 444 1155 531 illas
1173 443 1292 515 semim

134 560 303 653 detegere
320 556 357 628 dt
373 555 519 649 antiqua
535 549 685 645 vestigia
702 549 878 645 relegere,
903 544 1096 641 quousque
1117 566 1238 615 manet
1249 542 1292 613 of·

135 654 396 749 ficium‚viget
413 668 637 749 praeceptum
648 646 859 721 delectanda
868 642 1121 741 perfectione,
1134 642 1173 715 ὅ(
1184 639 1295 738 quoui-

66 804 69 809 -
136 775 209 853 que
240 750 307 823 stat
339 752 469 824 veritas
494 752 663 836 immota,
688 770 752 819 nos
779 745 916 816 restitui
944 741 1085 813 debere
1102 741 1149 812 ad
1167 743 1204 814 id
1220 741 1296 814 fusti·

167 854 264 941 um,
290 868 337 920 err
362 872 436 945 quo
462 845 579 917 sumus
594 842 739 943 delapli.
786 846 949 917 Tantum
965 841 1085 912 etiam
1104 841 1237 913 vitium
1252 840 1298 913 ad·

136 876 213 1025 ἕως
246 947 353 1019 nobis
379 944 506 1033 restat,
531 964 571 1015 ut
599 945 660 1038 qui
685 941 774 1016 illud
798 940 952 1038 negligit
980 938 1022 1011 &
1041 958 1198 1035 torpete
1214 938 1298 1022 linit,

138 1044 275 1121 etiamli
308 1046 437 1142 gratim
462 1061 577 1115 carcat
604 1062 695 1135 ope,
721 1040 765 1114 fit
788 1060 909 1111 tamen
923 1040 1246 1134 stnerxctq'ittirne,
1266 1062 1298 1111 tr

139 1162 263 1218 mente
290 1142 387 1215 Pauli
415 1144 527 1215 Rom.
547 1142 576 1212 l.
610 1138 712 1233 Quid
735 1162 824 1237 ergo
848 1136 892 1225 dc
916 1136 987 1208 illis
1024 1137 1168 1231 quibus
1194 1141 1300 1236 gratie

139 1245 263 1318 lumen
281 1241 318 1314 δε
337 1241 559 1341 cognitionis
571 1237 717 1323 ¹occasio
734 1261 806 1308 non
824 1232 944 1306 deest?
959 1235 1108 1308 Saltem
1130 1236 1300 1310 indubium

139 1342 232 1415 mihi
252 1357 391 1433 manet,
416 1340 516 1438 quod
533 1362 598 1410 cor
618 1338 742 1433 spiritu
763 1334 879 1407 ntum
897 1333 1054 1426 divino,
1081 1334 1124 1407 ὃς
1145 1358 1243 1408 mena
1262 1339 1302 1409 lu·

141 1462 186 1512 ce
200 1434 338 1512 coelesti
358 1438 585 1526 collustrata,
609 1458 717 1530 opera
731 1433 853 1507 diviua
871 1451 968 1504 certe
987 1454 1069 1504 non
1088 1434 1303 1533 negligenter

143 1538 181 1612 &
198 1534 441 1635 perfunctorie
459 1536 741 1630 contempletur.

194 1634 267 1709 Sed
290 1637 438 1734 propius
463 1633 506 1706 ad
532 1656 628 1704 rem:
655 1630 829 1705 Historiae
849 1628 1040 1702 Naturalis
1070 1628 1189 1704 leetio
1215 1632 1302 1729 ipsiu

141 1735 437 1808 informationem
462 1733 499 1805 de
527 1728 639 1802 studia
664 1753 784 1802 cetera
804 1728 1008 1827 ‚iuventutis
1035 1730 1153 1802 valde
1179 1754 1303 1828 promo·

142 1832 259 1904 vebit.
310 1830 417 1903 Nihil
443 1828 579 1902 facilius
606 1829 643 1901 &
668 1829 804 1901 avidius
828 1824 929 1897 simul
954 1850 975 1896 a
1003 1831 1139 1923 puerit
1157 1831 1302 1920 discituq

143 1928 294 2023 infignis
311 1929 370 1999 illa
383 1929 548 2022 voluptas
565 1930 601 1999 in
619 1930 779 2018 tenellis,
803 1925 1082 2021 quamprimum
1097 1926 1254 2002 sensibus
1265 1930 1300 2000 uti

144 2024 353 2127 potuerint,
379 2027 592 2120 conlpicua,
618 2022 1186 2121 quanaturaliapr’osequuntur‚
1209 2013 1328 2099 corn·¹

145 2124 261 2217 dlrnt,
298 2120 582 2221 ampltdluntut,
615 2121 766 2194 indubio
790 2142 1009 2221 argumento
1047 2125 1178 2200 thefin
1212 2128 1301 2198 munit

144 2246 275 2298 meam.
302 2221 403 2312 Quid
424 2220 445 2293 fi
464 2243 541 2294 tum
558 2222 723 2319 protinus
742 2221 959 2293 adttlriorum
981 2242 1079 2293 cura
1097 2225 1223 2323 digito
1239 2248 1299 2322 qua·
1322 2231 1326 2318 l

146 2321 174 2395 fi
194 2322 405 2395 monstraret
423 2323 690 2417 explicaretque
708 2321 883 2393 adamatos
901 2320 1169 2396 curiofitates?
1189 2325 1298 2415 Quaru-
1324 2327 1325 2334 ’

38 2438 41 2443 “
144 2440 191 2494 ne
209 2421 381 2493 cresceret
400 2425 507 2493 ardor
521 2420 651 2490 leitndi
671 2419 706 2490 &
728 2417 906 2515 quaerendi
924 2416 1298 2501 affiunirasfflocno·
1325 2471 1327 2500 ,

145 2520 194 2593 do
219 2544 239 2591 a
265 2519 375 2607 laete,
403 2518 705 2617 praedixerim,
731 2538 892 2589 materno
914 2517 1147 2592 dilect-emus
1165 2526 1296 2594 animun
1324 2513 1325 2516 ’

144 2618 329 2690 advertere
356 2618 392 2690 &
419 2614 700 2714 [apientillimam
723 2615 905 2687 Creatoris
924 2624 1212 2711 oeconomiam,
1237 2617 1297 2689 finer
1327 2612 1331 2635 ¹

143 2711 977 2807 rerumcreatarum,Numinisadcuratiffimarn
991 2721 1296 2803 omniumcuran‚
1326 2684 1332 2765 l

145 2813 187 2885 ὃς
203 2837 284 2908 quae
302 2814 383 2885 suut
399 2816 531 2906 reliqua
548 2813 754 2904 oblervarc,
781 2815 912 2884 mirari.
961 2813 1013 2884 Et
1038 2816 1078 2885 id
1099 2818 1189 2889 licet
1208 2816 1299 2915 pueti-
1327 2768 1333 2879 l

144 2912 237 2984 liae
263 2911 360 2982 facili
391 2912 677 2984 consideratione
696 2932 947 3007 perageretur,
973 2907 1107 2985 senfim
1130 2915 1297 2986 tamenin
1322 2956 1334 3003 ἰι

143 3008 356 3084 senlibilitcr
381 3008 848 3106 adsuesceremur‘prudenti
877 3010 916 3082 ὅτ
937 3013 1176 3084 omnimodae
1208 3034 1299 3084 atter·
1321 3012 1336 3047 '¹

145 3110 240 3183 tioni
269 3112 365 3181 circa
391 3113 511 3179 omnia
537 3112 701 3207 negotia,
734 3108 924 3203 omnesque
947 3108 1072 3203 casus,
1100 3113 1169 3207 qui
1197 3112 1300 3184 inrita
1334 3159 1335 3164 η

142 3209 283 3305 reliqua
312 3207 414 3279 nobis
448 3209 507 3279 vel
532 3210 806 3304 injungerentur
836 3211 893 3278 vel
922 3207 1163 3284 obvenirent.
1210 3206 1300 3302 Quod

145 3308 291 3399 quidem
317 3306 549 3378 emolumenti
576 3305 701 3377 frustra
717 3331 736 3376 a
755 3303 873 3376 studiis
891 3304 1107 3402 vulgaribus
1135 3311 1176 3382 ἅ*
1194 3310 1302 3382 abstn·
1332 3376 1336 3383 .

146 3407 212 3478 etis
227 3407 407 3499 exigimus
427 3407 464 3475 dc
480 3404 724 3500 expeclamus:
754 3405 845 3474 llaec
864 3407 1057 3476 calmonte
1074 3429 1242 3481 maturos
1257 3428 1303 3476 an·

145 3527 213 3574 nos
248 3504 495 3593 iutelle8tum2
518 3523 557 3572 ut
586 3524 657 3572 non
682 3504 899 3590 movebunt,
928 3500 976 3572 ita
999 3526 1070 3576 nec
1099 3509 1305 3603 perficietur

148 3601 188 3671 ὃ(
211 3599 344 3693 fallor,
368 3621 429 3672 aut
453 3601 656 3672 adhucdum
683 3598 822 3697 postea,
850 3624 927 3695 patr
951 3602 1085 3674 horum
1118 3606 1306 3678 studiorum

146 3697 238 3768 bene
255 3722 383 3796 magna
403 3701 515 3796 magis
534 3701 668 3795 ingenii
691 3697 819 3770 lusibus
843 3699 879 3769 δί
896 3700 1181 3779 velitationibus
1199 3704 1308 3776 cathe-

148 3791 487 3890 dralibusxinserrim
513 3820 618 3892 quam
638 3797 740 3870 rebus
757 3797 901 3892 agendis
920 3796 970 3868 est
993 3800 1120 3892 utilis,
1151 3805 1190 3877 dt
1210 3824 1308 3901 nego·
1336 3830 1341 3851 ¹

147 3896 208 3967 tiis
226 3892 312 3960 ritae
324 3896 528 3966 nccess'ariis.
578 3898 635 3968 Ex
655 3914 792 3966 matura
808 3916 925 3965 autem
943 3895 1157 3993 hac,quam
1177 3903 1309 3998 loquor,

147 3994 191 4067 ad
209 3989 405 4067 Historiam
424 3995 462 4066 N
469 4012 580 4065 aturae
604 3992 898 4085 marrouoetione,
924 3992 1068 4093 iusuper
1083 4003 1251 4074 maxima
1265 4021 1309 4069 er·

1271 4108 1342 4212 gli
