2700 4604
569 160 572 165 ’
679 185 824 288 (aar.

156 352 300 429 &utum
318 354 449 449 credo,
466 357 534 456 ·qui
550 356 709 431 animum
727 356 911 431 advertere
924 350 1142 433 uolueritad
1156 378 1221 452 ca,
1238 381 1311 458 que

157 454 315 529 Divinus
332 456 460 529 Paulus
484 458 617 552 pluries
635 457 737 552 super
755 458 822 531 hac
839 480 876 529 te
892 458 1144 533 ratiocinatur.
1171 456 1310 551 ,Enim-

156 576 245 626 vero
266 556 359 626 ratio
384 554 562 645 humana,
588 552 652 626 fibi
677 556 764 627 licet
785 553 906 628 relidla
922 555 1147 643 coecutiena,
1172 574 1311 639 rem-ta·

156 673 238 723 men
266 674 338 721 non
363 650 481 749 potest
505 675 577 724 non
593 673 760 749 tangetea
787 676 884 725 mens
898 675 1017 735 autem
1036 653 1165 725 divino
1183 653 1310 728 lumine

155 750 360 823 collustrata
383 750 510 824 clarius
535 752 654 821 omnia
677 746 867 849 perspicit3
890 752 1036 839 eandem
1063 769 1186 829 tamen
1203 752 1310 825 ambe

153 847 302 936 vident,⁰
323 848 479 941 divinam
505 850 658 946 gloriam
677 856 713 919 in
729 850 899 921 creaturis
911 850 1206 935 corruscantem
1233 852 1310 923 lictu

153 945 264 1037 haec‚
291 946 424 1019 viribus
445 943 594 1041 superne
617 945 812 1036 instrucla,
831 944 958 1021 cundia
981 946 1133 1019 meliore
1157 944 1308 1021 successu

152 1041 565 1119 scrutetur-&lanuini
585 1044 648 1115 sini
667 1045 838 1141 adplicet.
1168 1118 1171 1127 ,
1286 1044 1325 1109 .’

89 1154 91 1163 “
202 1144 302 1215 Inter
318 1145 374 1239 pia
389 1146 533 1238 piorum
549 1139 709 1214 ecclelia
722 1142 921 1217 Doctorum
941 1139 1112 1220 desideria
1128 1164 1198 1217 nec
1208 1145 1307 1217 mini·

42 1318 68 1345 ,‚
145 1256 250 1313 'mum
275 1243 346 1329 est,
372 1264 446 1336 quo
472 1238 702 1313 veliementer
727 1261 878 1337 optant,
902 1263 941 1314 ut
964 1242 1161 1337 multiplex
1186 1240 1278 1317 illa-s
1293 1282 1307 1301 ·

150 1340 335 1433 perillam,
361 1362 440 1435 apuoe
469 1340 629 1435 plurimis
656 1340 691 1411 iri
715 1341 804 1413 locis
821 1342 950 1438 vulgus
963 1342 1174 1421 auditorum
1195 1340 1306 1419 adhue

149 1437 302 1525 premia,
329 1439 469 1531 penitus
493 1440 717 1535 extirpetura
743 1439 779 1509 id
801 1441 897 1511 enim
913 1439 1098 1543 religioniq
1113 1438 1151 1511 δι
1171 1440 1308 1536 pietatis

148 1559 310 1607 mammo
341 1535 438 1608 bono
461 1537 540 1608 fore
561 1538 706 1626 vident,
732 1537 828 1637 quod
854 1538 1021 1607 maximis
1040 1538 1306 1631 impedimentis

77 1714 83 1719 ,
148 1658 316 1724 remotis,
343 1635 483 1706 facilior
506 1636 574 1707 illis
602 1636 637 1705 δε
656 1636 815 1724 pronior
832 1634 1191 1711 redderetutcutsur.
1243 1640 1306 1711 Ηιι

147 1753 266 1805 antem
295 1735 388 1805 votis
409 1734 509 1807 nullo
535 1733 643 1804 modo
659 1730 736 1803 lieri
754 1730 871 1827 potest
886 1731 985 1823 satis,
1010 1731 1075 1805 nisa
1091 1736 1167 1828 ipse
1183 1736 1305 1811 doctor

147 1829 186 1904 &
206 1831 332 1903 ductor
359 1830 649 1927 superstitionum
669 1850 829 1927 naturam
857 1831 976 1902 rimari
1002 1830 1248 1925 intellexerit,
1272 1860 1306 1909 u·

145 1951 232 1998 num
259 1925 302 1999 ab
328 1928 441 2000 altero
465 1953 600 2003 ramum
622 1927 862 2029 distinguere,
887 1927 1094 2024 singulaque
1117 1954 1164 2005 ex
1188 1933 1303 2009 funda·

144 2046 270 2097 mento
299 2023 474 2097 discutere
482 2061 495 2113 5
523 2026 591 2098 nist
614 2049 746 2098 narurae
769 2019 916 2101 effecius
933 2027 969 2099 &
987 2028 1234 2124 phaenomena
1247 2056 1304 2105 no·

66 2143 69 2147 ’
144 2147 238 2214 verit
254 2124 454 2220 explicare,
482 2148 633 2222 quorum
652 2123 797 2213 caussae,
809 2127 892 2219 quia
907 2128 1036 2223 vulgus
1052 2126 1196 2222 latent,-
1213 2156 1302 2203 mco·

144 2244 197 2296 tes
221 2224 375 2320 primum
389 2224 521 2322 cupida
538 2224 773 2296 admiratione
789 2221 1025 2321 suspendunt,
1051 2224 1186 2299 deinde
1201 2236 1300 2307 etiam

141 2322 275 2395 nubilis
299 2323 478 2396 erroribus
501 2324 732 2419 immergunt.
787 2320 840 2395 Et.
853 2322 939 2394 licet
955 2326 1048 2393 hanc
1066 2322 1253 2401 fortunam
1268 2352 1300 2399 e·

142 2423 230 2495 tiam
251 2418 409 2514 Physicae
432 2419 552 2494 deberi
577 2420 707 2511 fatear,
733 2444 813 2493 reor
832 2441 951 2517 tamen
967 2420 1003 2491 δε
1020 2423 1177 2497 confido
1191 2431 1301 2499 analo·

143 2523 240 2616 giam
265 2518 532 2590 observatorum
561 2520 596 2590 in
615 2515 775 2591 Historia
793 2519 960 2593 Naturali
984 2515 1228 2598 sufficientem
1251 2528 1300 2600 so·

34 2628 38 2635 ’
142 2642 201 2709 re,
226 2642 294 2716 qua
318 2619 523 2714 quicunque
546 2617 802 2712 superstitionis
819 2618 978 2689 infelices
995 2625 1110 2692 ioet'us
1128 2621 1299 2697 suffocen-

142 2734 225 2805 tur,
251 2720 325 2787 imo
352 2716 411 2787 eui
437 2716 509 2806 ipsa
525 2717 607 2788 mali
625 2720 730 2812 origo
746 2714 877 2803 cedat;
903 2713 1000 2812 quod
1019 2712 1094 2789 fine
1112 2718 1183 2795 hac
1202 2725 1299 2797 disci·

93 2880 96 2887 .
140 2813 240 2911 plina
258 2814 383 2885 frustra
398 2813 635 2913 undecunque
650 2814 902 2908 expelleretis.
940 2846 943 2853 ·
1002 2880 1010 2891 .

186 2911 351 2983 Tandem
365 2905 382 2982 ε’
409 2933 543 3007 quanto
569 2936 716 2985 numero
739 2910 818 2985 sunt
840 2911 946 2986 sacrae
971 2914 1163 3012 scriptutae
1185 2920 1294 3014 diua,

140 3033 222 3109 quae
237 3033 289 3097 ex*
303 3011 456 3082 Naturae
475 3009 636 3084 Historia
650 3010 931 3108 explicationem
951 3033 1074 3111 petere
1090 3020 1229 3094 necesse
1243 3022 1296 3094 ha·

128 3109 251 3203 ‚beuti
278 3111 395 3187 Eo'in
419 3112 498 3181 casu
524 3111 649 3206 utiquc
671 3108 807 3207 semper
821 3105 989 3186 securiori
1005 3112 1163 3215 vestigio
1178 3142 1295 3216 proce-

137 3207 283 3301 demus,
308 3207 335 3282 fi
357 3208 465 3306 ipsam
488 3208 710 3305 disciplinam
732 3207 841 3279 solide
867 3206 1143 3307 &systematice
1162 3219 1295 3291 intelle·

43 3370 46 3376 .
138 3311 317 3400 mimus,
340 3332 444 3400 quam
471 3306 669 3380 staliorum
693 3304 809 3379 verbis
823 3307 1085 3382 iuhaercre&c
1142 3316 1294 3391 itationi·

138 3406 204 3483 bus
237 3405 395 3505 dispersis
427 3405 619 3505 acsaepius
643 3408 859 3494 excentricis
884 3408 952 3480 niti
975 3334 1294 3488 coauioiuerinai.

138 3502 176 3575 V
180 3507 316 3579 idemus
331 3507 425 3576 enim
442 3506 615 3601 eiusmodi
627 3502 851 3605 cogitata‚st
870 3508 906 3577 in
919 3508 1083 3581 ordinem
1097 3511 1293 3609 justisysle·

138 3604 244 3674 matis
267 3629 308 3677 ca
331 3606 491 3700 redigere
508 3605 748 3696 voluerimus,
775 3604 865 3677 male
881 3604 1076 3679 admodum
1089 3608 1292 3707 saepiusco·

137 3700 294 3793 haerere,
320 3702 355 3774 &
381 3698 610 3776 miserrimam
635 3702 848 3776 anomaliain
873 3702 1051 3799 systemati
1074 3730 1216 3783 uatutae
1244 3712 1294 3781 i'r'r·

136 3800 281 3877 ducere.
326 3801 447 3874 Solida
469 3824 586 3873 autem
610 3802 783 3875 Historiae
805 3803 994 3877 Naturalis
1016 3810 1191 3903 cognitio
1205 3810 1293 3883 Her·

136 3899 349 3977 meneuticir
367 3901 482 3973 Sacris
507 3902 662 3973 maxime
680 3902 748 3972 erit
772 3902 869 3996 usui3
889 3905 947 3997 ¹ita
969 3928 1003 3976 e.
1015 3927 1052 4002 g.
1081 3903 1293 3981 sufficienter

137 3997 242 4072 nobis
267 3992 383 4067 reddit
409 4002 562 4071 rationes
591 3998 784 4097 abjectivos
800 4004 922 4100 legum
933 4002 1183 4099 judaicarum3
1207 4004 1293 4079 adeo

137 4116 181 4175 ut
203 4092 411 4173 oecouomia
432 4097 569 4175 Divina
589 4098 735 4199 inlegc
759 4102 1020 4197 caeremoniali,
1051 4124 1159 4207 aeque
1192 4127 1235 4177 ac
1259 4122 1298 4175 ιιι

861 4226 864 4231 ·
1205 4218 1301 4297 cete:
