2700 4604
16 164 17 169 Ὺ
114 214 195 319 iro
297 151 633 311 mourut
689 199 1145 310 sruourt'ta·

113 406 233 492 thore
251 399 357 516 ipso,
389 410 456 514 qni
474 423 620 488 nomen
647 407 887 502 confecerit;
917 409 1025 509 Tum
1051 413 1172 489 etiam
1199 408 1286 490 faci·

114 521 192 617 lius
208 545 357 602 nomen
374 516 765 603 leoloruminoculos
778 526 956 614 incurrit,
973 519 1291 632 &allegatumab

117 631 197 718 elio
214 635 403 743 reperitur
420 631 572 714 facilins
583 697 592 725 ‚
605 658 723 740 quam
741 628 768 714 fi
788 630 1054 746 postponatur.
1075 659 1108 716 e.
1124 660 1184 746 gr.
1196 633 1293 716 Bro-

121 744 262 830 metius
281 753 323 828 in
342 741 537 828 Chloride
556 743 756 827 Gothicae
925 780 927 787 ·

183 959 421 1043 ALSINE
451 962 580 1039 minor
609 944 754 1059 Fuchſs
771 954 869 1038 Lon.
886 952 981 1040 Tab.
1000 963 1144 1042 minor.
1174 955 1301 1044 Ruta·

91 1133 93 1136 -
161 1066 165 1075 ’
266 1077 399 1154 minor
415 1069 652 1152 multicaulia
680 1068 722 1152 C.
745 1067 797 1152 B.
826 1068 984 1153 Morsus
999 1069 1161 1185 gallinae
1173 1081 1297 1181 minor

82 1258 86 1264 .
265 1182 442 1284 Brunsf.
476 1181 625 1296 species
652 1216 697 1297 ¹4.
725 1184 847 1300 ἶνας.
875 1180 1010 1269 Alsme
1044 1184 1305 1298 vulgatiffima'

48 1316 92 1410 ἰ
216 1292 439 1403 ·Nostra;
791 1321 794 1327 ’

133 1511 253 1608 initis
271 1502 462 1594 debuisset
471 1507 604 1610 Alfene
620 1505 888 1622 vulgatifflma
898 1506 1075 1596 Nostrai.
1087 1511 1300 1599 eautltoris

132 1622 376 1742 praecedere,
406 1625 558 1734 reliqua
579 1624 709 1733 sequit
742 1621 795 1708 fic
811 1621 855 1707 δι
874 1623 914 1707 r'tr
929 1625 1024 1707 aliis.

190 1743 306 1824 Nova
331 1745 492 1820 nomina
522 1737 726 1846 conficere
751 1734 953 1819 absurdum
987 1734 1171 1821 censetur
1207 1733 1306 1850 apul·

134 1855 351 1935 Dostiores
380 1855 626 1947 Botanicos,
655 1879 746 1933 cum
771 1857 980 1933 nominum
1005 1858 1120 1963 copia
1143 1873 1239 1959 ante
1251 1849 1302 1934 sat

83 2059 87 2068 ,
136 1958 338 2050 sufficiens
361 1958 432 2057 (ιτς
464 1961 509 2046 8(
527 1988 635 2046 certe
662 1965 806 2048 horreo
829 1966 965 2048 videre
983 1961 1130 2048 librum
1156 1967 1304 2049 Bolani·

138 2102 230 2160 cum
252 2071 483 2162 nominibus
514 2073 680 2190 propriis
702 2075 841 2186 absque
869 2080 1126 2187 synonymis,
1172 2075 1306 2167 deseri

136 2190 361 2302 ptionibus·,
391 2189 436 2274 &
456 2186 716 2300 figuris,solis
740 2197 808 2300 qui
827 2210 1038 2273 contentus
1050 2185 1231 2274 *sitnovis
1246 2217 1306 2274 no·

137 2302 331 2399 minibus,
347 2330 454 2414 squae
472 2331 599 2413 neque
616 2329 779 2414 genera,
807 2329 933 2412 neque
949 2303 1094 2412 speeies
1113 2329 1306 2416 congene·

138 2445 201 2502 res
218 2417 447 2530 respiciunt,
480 2446 554 2502 nee
575 2417 675 2512 scio,
698 2446 776 2524 qua
795 2425 948 2499 ratione
962 2414 1051 2498 talis
1067 2417 1218 2500 'author
1235 2413 1308 2500 Bo·

138 2538 258 2615 tanici
278 2559 426 2615 nomen
442 2555 682 2644 promereat;
700 2528 729 2613 st
747 2539 836 2641 quis
852 2538 969 2612 etiam
989 2556 1144 2614 novutn
1171 2556 1309 2614 nomen

79 2671 81 2674 ’
139 2652 351 2754 componit
373 2644 395 2754 (
405 2651 443 2727 ni
461 2673 510 2728 ex
530 2651 689 2727 nomine
707 2651 893 2759 generice·
911 2669 1023 2725 novo
1038 2646 1232 2753 coactus)
1245 2667 1310 2733 nec

20 2826 23 2831 .
116 2761 181 2840 'in
203 2757 421 2839 differentia
448 2779 585 2842 notant
607 2756 777 2870 aliquam
795 2757 999 2871 specialem
1022 2757 1206 2850 adducit,
1237 2783 1311 2841 me·

141 2867 219 2953 llus
236 2865 407 2960 fecisset,
439 2864 673 2953 sitacuillet.
702 2873 859 2955 Tamen
877 2863 1176 2975 non'indueor,
1210 2862 1312 2983 quod

142 2979 301 3091 credam
327 2986 541 3067 Botanieos
563 2982 601 3067 se.
625 2983 814 3068 abstinere
845 2984 1022 3067 deberea
1050 2992 1193 3080 novis,
1227 2986 1313 3068 dnm

142 3096 313 3185 meliora
339 3118 524 3194 tentent,
554 3124 644 3182 cum
667 3105 709 3181 in
735 3099 796 3185 his
815 3097 981 3197 tandem
997 3089 1216 3181 ellentialis
1238 3097 1313 3210 spe·

142 3212 291 3295 cierum
314 3232 410 3292 nota
428 3212 639 3320 querenda
656 3209 763 3298 eilet.
819 3212 950 3294 Doleo
968 3202 1063 3294 dum
1081 3213 1314 3322 quadragin·
1341 3220 1344 3357 Ι

144 3339 187 3408 to
210 3322 452 3437 Synonyma
476 3324 636 3439 perlego
660 3323 902 3410 diversorum
931 3325 1174 3421 authorum,
1214 3319 1315 3435 qued
1341 3368 1344 3449 p

112 3484 113 3488 κ
144 3446 285 3545 necin
311 3437 374 3521 his
402 3438 588 3523 omnibus
617 3468 735 3525 unam
760 3439 970 3523 alteramve
996 3440 1158 3551 dignam
1186 3463 1314 3523 notan
1333 3460 1344 3657 ¹

1341 3702 1344 3751 l

146 3546 368 3674 specificam
384 3578 591 3670 excerpere
609 3580 772 3666 queam,
802 3555 867 3641 vel
886 3579 1042 3650 veram,
1070 3553 1119 3641 ἀ
1140 3551 1327 3642 'constan'

151 3681 249 3748 tem
412 3707 416 3715 ·
