2686 4614
41 388 45 393 -
118 338 159 415 bt
180 335 374 415 certiorem
398 330 521 431 adepti
538 329 736 422 fuerimus,
758 352 805 405 eo
821 330 950 405 melius
967 342 1096 426 partes
1111 326 1283 407 nostras&-
1330 337 1342 399 ‘r

121 434 243 513 oslioia
276 437 313 505 in
336 432 509 519 societate
533 430 687 502 humana
709 428 958 527 exsequemur.
980 432 987 439 “
1015 423 1155 517 Quid,
1186 425 1275 498 liad·
1334 432 1342 496 l

122 539 199 617 huc
229 533 372 609 arctiori
402 527 583 603 societatis
613 529 730 601 civilis
754 528 903 601 viuculo
925 522 1122 614 adstriffi,
1159 523 1276 619 insuper
1336 547 1342 588 l

56 628 60 639 ’
123 633 259 709 Patrio:
293 633 332 709 δε
354 627 588 723 Reipublicae
622 626 878 699 commoda&
903 624 1128 700 felicitatem
1155 646 1278 718 promo·
1340 650 1342 690 τ

126 724 576 815 veterescentem,
602 723 755 799 re·beoe
780 724 967 822 perpensa,
994 740 1076 795 tam
1103 721 1283 817 privatam,

157 854 237 903 uam
279 827 463 924 publicam
493 824 738 901 oecouomiam
770 824 943 899 Historiae
980 822 1167 897 Naturali
1197 821 1284 893 inniti

128 855 440 1025 ieprohendimus.

181 1026 263 1122 Jam
288 1046 375 1097 vero
398 1020 473 1120 spes
499 1022 618 1096 omnis
642 1022 793 1095 omnino
817 1045 881 1093 nos
905 1019 1040 1108 fallet,
1069 1014 1143 1089 nisi
1169 1039 1216 1102 en
1234 1012 1288 1111 ipsi
1318 1070 1321 1075 .

134 1123 340 1223 juventutis
362 1120 577 1201 educatione
604 1120 642 1194 ὃ(
658 1121 782 1218 primis
795 1117 892 1219 quasi
908 1116 1153 1191 incunabulis
1168 1115 1288 1187 init-iun

134 1223 354 1298 fecerimus:
380 1221 481 1297 Tum
506 1220 603 1291 enim
627 1242 704 1291 carn
732 1219 856 1315 utique
872 1217 1030 1290 formam
1051 1217 1290 1310 recipiuntte·

135 1343 233 1400 nerto
266 1340 430 1411 mentes,
462 1341 567 1413 quam
601 1317 844 1389 corroboratae
870 1315 993 1412 pollen
1019 1336 1093 1409 per
1120 1332 1236 1386 totam
1256 1311 1294 1381 ri·

136 1439 213 1499 tam
246 1416 519 1497 conservabunt.
569 1417 669 1489 Hinc
700 1417 757 1489 lex
782 1416 891 1486 etiarn
916 1414 1040 1485 civilis
1069 1433 1297 1508 quarumcun-

139 1540 210 1615 que
241 1514 482 1605 societatum,
516 1514 605 1612 legir
629 1513 762 1587 divina
788 1513 826 1584 ὃ(
852 1513 1025 1585 naturalis
1054 1533 1249 1608 praecepro
1267 1530 1298 1581 ac

138 1616 331 1711 exemplo,
359 1612 563 1710 parentibus
588 1614 770 1712 injungit,
795 1633 837 1683 ut
862 1611 1068 1689 liberorum
1092 1632 1219 1679 curam
1237 1631 1299 1702 pm·

138 1714 251 1789 lixam
286 1713 324 1786 &
358 1711 566 1789 accuratam
601 1712 645 1786 ad
677 1732 834 1784 maturos
867 1706 979 1804 usque
1013 1730 1139 1779 antioc
1173 1728 1298 1799 gerrnu

142 1836 250 1907 quarn
275 1815 417 1908 legem,
443 1812 502 1883 vel
519 1810 590 1906 legi
611 1807 831 1883 simillimum
851 1804 1057 1881 naturalem
1088 1803 1299 1892 instinsrum

140 1907 315 2004 providus
345 1927 481 1979 naturae
508 1907 647 1979 Austor
679 1931 742 2007 per
774 1928 892 1979 totum
925 1904 1154 1975 animalium
1181 1906 1300 1989 lvllenr

134 2005 339 2101 (ucetiam
360 2004 496 2099 plantas
511 2003 608 2077 sensu
628 2026 788 2077 carentes
806 2006 842 2077 in
861 2008 957 2075 hunc
976 2002 1140 2077 censum
1159 2004 1298 2086 tiuhan)

143 2102 331 2193 extendit,
362 2099 450 2173 adeo
475 2119 517 2173 ut
543 2102 786 2197 quodcunque
808 2102 966 2189 animal,
1000 2103 1175 2197 proprio,
1197 2108 1232 2173 st
1255 2096 1301 2169 sin

145 2203 262 2302 gulari
287 2198 396 2275 modo
421 2197 459 2272 &
483 2197 662 2294 mensura,
687 2201 780 2299 proli
806 2197 1033 2271 necessariam
1066 2200 1221 2295 praestet
1236 2203 1300 2267 edu·

147 2304 320 2380 carricent
366 2321 501 2374 curam.
552 2300 620 2375 Sed
654 2302 688 2370 in
724 2297 950 2371 societatibus
988 2299 1168 2370 humanis
1203 2317 1301 2367 namn

145 2398 401 2496 imperantium
434 2394 645 2470 auctoritate
670 2397 912 2472 excitatur&
945 2395 1146 2486 fulcitur,
1184 2397 1299 2468 Scholn

149 2501 189 2576 ὅ(
214 2495 419 2567 Academiis
457 2496 630 2588 juvatur,
666 2496 862 2586 ceterisque
902 2496 958 2568 vel
996 2495 1150 2571 statutis
1183 2498 1237 2564 vel
1265 2496 1300 2561 in·

147 2598 286 2684 ventis,
313 2592 442 2690 quibus
465 2590 567 2665 saluti
586 2594 770 2668 societatis
795 2595 882 2665 lerio
908 2593 980 2664 boc
1006 2597 1046 2664 in
1081 2591 1223 2683 poncio
1241 2613 1300 2660 cau·
1326 2574 1330 2637 i

149 2713 247 2875 thrnp1
263 2690 454 2775 voluerunt
484 2688 633 2793 benigni
667 2692 705 2768 δε
738 2690 928 2790 prudenter
960 2693 1298 2791 rerumpublicarum
1326 2712 1332 2813 p

192 2813 209 2857 e
249 2811 375 2860 oren·
1320 2800 1332 2855 l·

202 2886 405 2960 Succedent
427 2885 499 2981 'jam
524 2888 650 2961 ordino
673 2906 908 2984 argumenta,
942 2909 1024 2982 quae
1055 2890 1177 2962 robur
1202 2884 1300 2959 caula
1320 2862 1334 2971 i.

151 3006 243 3071 rneae
268 2984 528 3064 conciliabunt.
573 2988 709 3059 Eorum
740 2988 892 3079 primum
909 2996 927 3076 ,‘
947 2986 987 3056 ὃς
1010 2989 1116 3082 quod
1145 3013 1183 3060 ιη
1210 2989 1303 3057 lione
1325 3000 1337 3075 f

153 3084 329 3174 colloco,
348 3084 476 3158 minori
495 3083 637 3157 fortasse
653 3087 721 3155 orit
737 3081 924 3181 praesidio,
940 3107 1048 3178 quam
1068 3083 1303 3166 delectatione
1327 3096 1341 3179 'p

155 3182 311 3260 Nemini
332 3203 388 3252 eos
411 3180 589 3273 obtrudo‚
614 3182 695 3278 quae
712 3183 800 3255 mihi
822 3178 1033 3277 placuerunt
1050 3185 1304 3278 cogitationes,
1331 3184 1335 3205 ²

155 3303 241 3379 quas
255 3299 373 3374 tamen
390 3300 455 3352 nec
474 3281 638 3377 religioni
654 3304 719 3352 nec
735 3282 865 3357 rationi
882 3279 1040 3352 adversas
1057 3280 1131 3354 elle
1151 3277 1306 3363 defendo,

94 3388 97 3393 '
155 3380 212 3458 sed
238 3376 364 3471 dignas
391 3375 519 3465 credo,
546 3379 850 3475 quaediligentins
868 3400 1017 3451 acumen
1035 3402 1244 3462 occupent.

207 3476 307 3549 Deus
332 3497 395 3545 nos
420 3477 581 3548 homines
606 3482 642 3556 in
669 3480 765 3549 bunc
791 3479 963 3548 mundum
983 3476 1104 3567 misit,
1135 3473 1310 3557 inllruilos

159 3571 372 3666 corporibus
388 3569 608 3672 sensibusque
624 3579 800 3665 externis,
819 3572 996 3668 systemati
1013 3577 1143 3647 nostro
1163 3578 1202 3651 &
1219 3594 1313 3674 gene·

81 3762 83 3767 η
152 3669 187 3755 ri
222 3673 306 3745 vitoe
339 3671 573 3761 conformes,
605 3674 653 3746 ao'
679 3696 745 3770 pro
779 3672 843 3744 illo
868 3674 1018 3753 omnino
1044 3674 1083 3744 in
1111 3696 1244 3745 natura
1267 3669 1314 3742 sua

156 3765 442 3858 determinatos,
476 3770 621 3865 perinde
645 3796 686 3845 ac
712 3774 957 3868 cujuscunque
980 3771 1199 3846 animalculi
1225 3793 1316 3866 orga-

159 3887 205 3945 na
231 3861 267 3945 ὅ(
292 3861 403 3937 sensus
436 3866 498 3938 suo
524 3866 699 3965 systemati
731 3869 787 3939 vel
813 3867 961 3966 sphaerae
987 3869 1197 3947 inmundo
1223 3872 1317 3941 vitae·

157 3982 229 4074 que
257 3961 380 4069 generi
411 3965 676 4052 accommodati
707 3964 799 4049 suut·
849 3966 920 4052 Seu
945 3971 1049 4069 jem,
1085 3969 1318 4067 potuissemus

813 4106 818 4115 .
1164 4118 1167 4123 ,
1263 4085 1318 4153 ne,
