2700 4604
102 204 188 289 226
349 191 664 285 NOMth
721 198 1142 290 spizeli-'lens

105 403 298 470 mamma:
328 376 578 464 desumuntur
596 377 719 462 modu
744 378 807 463 ha
827 381 1119 467 Similitudines
1146 378 1283 492 ubique

104 492 338 587 ,aidilltmm
371 519 447 575 nec
465 491 545 574 late
565 499 681 574 nimis
697 493 950 578 admittantur
969 523 1161 606 uuquam.

108 669 111 677 -
166 607 383 714 Ejicieudae
403 631 496 686 veto
508 603 597 687 sunt
612 602 898 692 Similitudines
914 635 1055 705 omues
1068 605 1281 714 apartibus

112 720 289 807 internis
314 715 491 828 corporis
516 713 707 813 humani,
745 717 809 804 vel
835 722 1058 824 visceribus
1086 725 1279 813 delumtae,

40 838 68 865 ''
114 863 206 920 cum
231 840 395 944 paucis,
433 838 611 944 exceptis
644 839 889 915 Anatomicis
917 832 963 916 δι
989 835 1197 941 Medicis,
1232 835 1281 917 hu

116 941 530 1041 notiifimaeexistant3
562 970 599 1024 e.
629 971 684 1055 gt.
716 944 828 1027 Tnba
859 944 1112 1055 Fallopiana.
1210 976 1217 990 ·

109 1142 113 1148 s
186 1065 388 1170 Excipiam
398 1052 935 1172 Cordis&Renumligutam
954 1057 1287 1153 definitamean·

116 1199 198 1288 que
223 1173 457 1262 admittam,
489 1169 585 1283 pulli
610 1197 692 1252 non
716 1181 947 1284 cognitam,
979 1200 1064 1257 non
1087 1198 1225 1257 tamen
1243 1179 1288 1256 ft·
1321 1186 1324 1191 ’

118 1287 260 1373 ciendu
282 1282 336 1366 est
356 1282 435 1367 ulla
464 1278 664 1368 dilliudio
690 1290 791 1366 intct
816 1283 982 1396 liguram
1008 1284 1145 1369 cordis
1167 1284 1291 1370 huma·

120 1401 190 1496 m‘,
209 1396 430 1483 &aliorum
442 1393 688 1490 animalium,
711 1403 750 1479 in
768 1402 859 1481 fotu
880 1401 1089 1482 Botanico.
1234 1453 1237 1458 -

180 1512 398 1616 Ejicieudi,
426 1516 496 1618 qui
512 1535 534 1588 a
548 1505 745 1613 subjectis
760 1508 956 1624 Zuologiae
982 1513 1045 1596 vel
1063 1510 1294 1625 Lithologiae

34 1690 37 1696 ·
121 1631 292 1713 mutuati
310 1621 400 1709 suut
416 1628 600 1712 termini,
627 1649 721 1708 cum
735 1625 835 1739 saepe
849 1626 1052 1736 contingat
1065 1630 1296 1709 Botanicum

94 1752 103 1773 '
124 1737 439 1838 consummatum
467 1744 537 1841 vix
561 1738 776 1848 Tytunem
798 1734 877 1824 elle
900 1745 942 1822 in
964 1739 1131 1853 reliquis
1151 1761 1299 1837 natura

123 1884 146 1938 1
198 1878 270 1936 ms

213 1961 398 2076 jicienda
424 1957 708 2048 Similitudines
731 1962 780 2049 ab
808 1963 1019 2048 Artificum
1044 1959 1304 2053 instrumentis

127 2077 195 2168 uel
215 2070 400 2182 subjcdis
416 2099 612 2189 teceptae,
644 2077 712 2158 nist
729 2077 850 2192 probe
866 2076 1041 2162 definitas
1058 2075 1222 2171 fint,&
1237 2101 1303 2160 tet·

31 2297 33 2301 ι
128 2198 227 2279 mini
246 2198 362 2285 artis3
392 2194 524 2303 paucis
541 2195 645 2273 enim
670 2212 764 2273 notu
790 2190 844 2274 est
859 2193 1015 2296 securis
1045 2207 1235 2272 veterum
1254 2214 1305 2269 ro·

130 2330 356 2388 manorum
384 2301 671 2411 auriscalpium
696 2310 819 2388 variat
842 2305 1123 2396 milleformis,
1156 2329 1235 2386 nec
1250 2328 1306 2385 ca·

121 2421 222 2530 stus
243 2417 389 2530 ubique
404 2419 584 2499 locutum
603 2415 771 2520 ejusdem
789 2422 928 2500 fotmae
952 2417 1030 2514 est3
1062 2418 1307 2501 admitterem

132 2530 258 2616 solum
275 2529 382 2636 finus
401 2527 593 2611 dadaleos
611 2539 649 2612 in
668 2528 818 2616 Mulcis
840 2527 1107 2631 uccellurl08‚
1136 2529 1206 2624 led
1222 2525 1309 2619 defi·

135 2648 704 2761 nitionuptoteg'untutprius.
1020 2679 1025 2691 ·

553 2886 589 2940 α.
618 2853 684 2937 Ab
713 2853 895 2949 Homine.

199 3067 350 3156 Orchis
378 3062 697 3171 anthropophora
725 3068 815 3154 Col.
897 3099 900 3104 ·

199 3187 348 3268 Otchis
377 3178 740 3285 hermaphroditica
771 3186 816 3267 C.
845 3188 888 3267 B.
1011 3214 1015 3225 “

196 3298 357 3383 Tubeta
375 3293 639 3396 testiculorum
657 3300 781 3378 forma
800 3300 959 3381 Mentz.
987 3292 1167 3410 globosa.

134 3470 137 3476 -
200 3417 360 3519 Fungus
377 3411 495 3509 penis
516 3414 724 3520 imaginem
741 3412 912 3493 tefctens
940 3407 991 3494 C.
1024 3412 1072 3499 Β.

202 3529 352 3608 Otchis
379 3520 567 3604 clitoride
594 3521 718 3629 piloso
747 3527 862 3607 Cum.
884 3524 924 3609 ss.

205 3644 398 3742 Agaticus
427 3635 776 3742 tubaefallopianae
793 3634 906 3720 instar
935 3639 990 3721 T.

142 3794 145 3799 <
206 3742 374 3840 Persteae
392 3746 524 3838 smilis
541 3745 623 3837 uile
640 3748 772 3841 cordis
791 3747 952 3836 humani
969 3748 1104 3864 figura.
